@article{benson2013cme,
  title={CME 193: Introduction to Scientific Python Lecture 4: NumPy and SciPy},
  author={Benson, Austin and Frank, Dan},
  year={2013}
}

@book{advanced,
  title={Advanced LaTeX in Academia: Applications in Research and Education},
  author={{\"O}chsner, Marco and {\"O}chsner, Andreas},
  year={2021},
  publisher={Springer Nature}
}

@book{24latex,
  title={LaTeX in 24 hours: a practical guide for scientific writing},
  author={Datta, Dilip},
  year={2017},
  publisher={Springer}
}